@article{asness:2013,
  Author = {Asness, Clifford and Frazzini, Andrea and Pedersen, Lasse},
  Journal = {AQR Capital Management},
	Title = {Quality Minus Junk},
	Month = June,
	Year = 2014,
	doi= {10.2139/ssrn.2312432},
	url = {http://ssrn.com/abstract=2312432}}

@article{ohlson:1980,
  Author = {Ohlson, James A.},
  Journal = {Journal of Accounting Research},
	Title = {Financial Ratios and the Probabilistic Prediction of Bankruptcy},
	doi= {10.2307/2490395},
	Month = Spring,
	Year = 1980,
	Volume = 18,
	No = 1}


@article{campbell:2007,
  Author = {Campbell, Kyle and Enos, Jeff and Gerlanc, Daniel and Kane, David},
  Journal = {R News},
  Number = 1,
	Pages = {36--41},
	Title = {Backtests},
	Volume = 7,
	Year = 2007}
	
@MISC{bender:2013,
   author = {Bender, Jennifer and Briand, Remy and Melas, Dimitris and Subramanian, Raman Aylur},
   title = {Foundations of Factor Investing},
   editor = {MSCI Research Insight},
   month = December,
   year = 2013,
   url = {https://www.msci.com/resources/pdfs/Foundations_of_Factor_Investing.pdf}}
@MISC{msci:2013,
   author = {MSCI},
   title = {MSCI Quality Indices Methodology},
   editor = {MSCI Research Insight},
   month = May,
   year = 2013,
   doi = {10.2139/ssrn.2543990},
   url = {https://www.msci.com/eqb/methodology/meth_docs/MSCI_Quality_Indices_Methodology.pdf}}
@MISC{russell:2015,
   author = {Russell Investments},
   title = {Russell U.S Equity Indexes: Construction and Methodology},
   month = August,
   year = 2015,
   url = {https://www.russell.com/documents/indexes/construction-methodology-us-indexes.pdf}}

@Manual{ryan:2015,
    title = {quantmod: Quantitative Financial Modelling Framework},
    author = {Jeffrey A. Ryan},
    year = {2015},
    note = {R package version 0.4-5},
    doi = {10.32614/cran.package.quantmod},
    url = {http://CRAN.R-project.org/package=quantmod},
  }
  
@Manual{enos:2013,
    title = {backtest: Exploring portfolio-based conjectures about financial
instruments},
    author = {Enos, Jeff and Kane, David and with Campbell, Kyle and Gerlanc, Daniel and Schwartz, Aaron and Suo, Daniel and Colin, Alexei and Zhao, Luyi},
    year = {2013},
    note = {R package version 0.3-2},
    doi = {10.32614/cran.package.backtest},
    url = {http://CRAN.R-project.org/package=backtest},
  }
  

@book{gray:2013,
  Author = {Gray, Wesley and Carlisle, Tobias},
	Title = {Quantitative Value: A Practitioner's Guide to Automating Intelligent Investment and Eliminating Behavioral Errors},
  Booktitle = {Quantitative Value: A Practitioner's Guide to Automating Intelligent Investment and Eliminating Behavioral Errors},
  Publisher = {John Wiley \& Sons},
	Year = 2013}
