@Manual{R,
  title = {R: A Language and Environment for Statistical Computing},
  author = {{R Core Team}},
  organization = {R Foundation for Statistical Computing},
  address = {Vienna, Austria},
  year = {2012},
  note = {{ISBN} 3-900051-07-0},
  url = {http://www.R-project.org/},
}

@article{ihaka:1996,
  Author = {Ihaka, Ross and Gentleman, Robert},
  Journal = {Journal of Computational and Graphical Statistics},
	Number = 3,
	Pages = {299--314},
	Title = {R: A Language for Data Analysis and Graphics},
	Volume = 5,
	Year = 1996}

@article{asness:2013,
  Author = {Asness, Clifford and Frazzini, Andrea and Pedersen, Lasse},
  Journal = {Journal of Computational and Graphical Statistics},
	Title = {Quality Minus Junk},
	Year = 2013}

@article{campbell:2007,
  Author = {Campbell, Kyle and Enos, Jeff and Gerlanc, Daniel and Kane, David},
  Journal = {R News},
  Number = 1,
	Pages = {36--41},
	Title = {Backtests},
	Volume = 7,
	Year = 1996}